1871 2877
113 0 151 22 1v
857 0 1026 20 rraelauo.

114 84 271 137 ubique
309 84 437 123 altera
475 97 550 137 pro
591 84 721 123 altera
758 82 948 122 substitui
988 82 1216 135 potuerint,
1254 96 1306 121 an
1345 81 1465 121 certis
1503 82 1655 122 finibus
1692 97 1765 122 no-

114 151 273 189 minum
325 151 369 189 in
416 180 424 188 .
445 180 453 188 .
476 180 484 188 .
506 165 546 188 ια
592 164 666 203 pro
698 180 706 188 .
728 179 735 187 .
757 179 765 187 .
786 164 844 188 εια
895 149 1132 189 exeuntium
1178 163 1277 188 usus
1323 148 1655 203 circumscriptus
1700 149 1764 201 sit,

121 218 306 271 singulas
345 233 465 258 voees
496 219 575 257 hoe
606 225 790 257 nostrum
823 232 926 270 opus
958 218 1176 257 collocatas
1206 217 1439 270 praebebit,
1476 217 1587 257 locos
1618 218 1768 271 quibus

115 286 347 325 habeantur
376 285 473 324 illae
510 285 684 324 Bruderi
720 283 1033 324 concordantiae
1069 284 1357 336 nominabunt,
1387 284 1613 324 scribarum
1644 299 1764 326 usum

118 353 317 393 editiones
349 352 607 407 singulorum
639 351 825 393 codicum
857 352 1207 392 demonstrabunt.

234 420 419 459 Alterius
456 420 586 473 partis
626 434 730 472 quae
774 420 826 459 sit
864 419 947 471 vis,
985 419 1107 459 facile
1143 398 1408 473 intellegitur
1469 420 1632 460 Etenim
1672 435 1764 460 eum

117 488 375 541 singularum
407 502 554 527 vocum
588 501 729 527 sensus
759 495 867 527 reete
899 487 1096 541 explicari
1127 495 1324 541 nequeat,
1362 488 1441 527 nisi
1472 488 1616 529 affines
1646 503 1766 529 voees

116 555 398 607 conferantur,
430 556 508 594 hae
538 562 655 608 parte
686 569 826 595 omnes
858 554 969 595 Novi
995 554 1252 595 'Testamenti
1283 554 1487 595 derivatas
1517 570 1637 597 voees
1669 571 1762 597 eum

116 623 267 664 nativis
313 624 354 663 in
402 639 531 663 unum
572 624 790 663 collocatas
830 624 1086 677 praebemus.
1149 623 1243 672 Qua
1280 623 1324 663 in
1364 631 1479 677 parte
1518 624 1680 678 signum
1717 647 1763 665 ‹x›

116 692 284 744 (similia
314 692 357 732 in
390 691 688 731 mathematicis
721 692 934 743 denotans)
974 691 1017 730 id
1056 691 1168 745 quod
1205 691 1273 731 vel
1310 691 1354 730 in
1393 692 1526 746 eapite
1566 693 1633 733 vel
1669 699 1763 733 ante

116 760 299 813 signum:
332 760 512 813 positum
546 767 617 810 est,
648 760 883 799 addendum
916 774 999 799 esse
1029 759 1195 799 indicat.

236 828 378 867 Restat
407 835 455 866 ut
484 835 536 875 te,
568 828 767 866 benevole
797 828 938 879 lector,
968 841 1172 880 rogemus,
1203 834 1249 867 ut
1279 828 1358 867 hoo
1389 842 1509 882 opere
1541 843 1763 882 paucorum

117 895 284 949 quidem
317 895 533 946 foliorum,
572 895 760 934 laborum
802 909 883 933 non
915 909 1159 949 paucorum,
1206 895 1317 949 quod
1347 895 1427 949 ipsi
1458 911 1541 936 non
1571 912 1662 937 raro
1694 898 1765 938 ad-

116 963 341 1015 hibuimus,
371 963 550 1003 libenter
582 963 709 1002 utaris
744 964 797 1002 ad
826 963 1018 1003 subtilius
1049 962 1315 1016 explicandos
1345 978 1413 1004 eos
1443 964 1582 1016 libros,
1615 965 1764 1019 quibus

117 1031 306 1070 meliores
340 1045 555 1085 nunquam
586 1031 753 1070 fuerunt
783 1045 917 1085 neque
949 1038 1069 1071 erunt
1099 1045 1294 1085 unquam.
