1871 2877
726 540 1063 601 Praefatio.

196 744 353 784 Harum
386 741 766 781 concordantiarum
797 741 951 795 duplex
984 748 1043 781 est
1073 755 1214 795 genus,
1246 756 1393 793 unum,
1431 741 1553 782 huius
1584 741 1718 795 operis

33 867 35 869 Ι
80 814 210 869 priore
241 817 356 865 parte
387 810 643 862 absolutum,
685 810 796 864 quod
827 824 967 849 omnes
998 823 1118 849 voces
1149 809 1260 849 Novi
1292 810 1543 850 Testamenti
1573 824 1717 851 secun-

81 883 175 923 dum
220 879 524 920 terminationes
570 878 766 919 classibus
809 877 1085 932 grammaticis
1137 878 1376 919 distributas
1417 878 1714 932 complectitur,

80 950 269 1000 alterum,
299 947 343 986 in
374 947 502 987 altera
532 954 648 1001 parte
679 947 879 1001 positum,
911 947 1021 1000 quod
1053 960 1174 986 voces
1206 948 1366 986 nativas
1397 961 1491 986 eum
1523 946 1715 986 derivatis

81 1019 259 1059 collocat.

194 1085 333 1125 Priore
364 1092 479 1138 parte
510 1084 552 1124 in
585 1084 776 1125 subtilius
808 1084 1070 1138 disquirendo
1104 1091 1143 1125 et
1180 1084 1290 1139 quod
1330 1085 1381 1125 ad
1420 1084 1713 1139 grammaticen

79 1164 116 1195 et
147 1154 254 1210 quod
291 1153 343 1193 ad
378 1160 515 1194 textus
543 1153 706 1207 legendi
727 1152 901 1193 formam
922 1152 1067 1193 attinet
1097 1153 1233 1194 uteris.
1296 1152 1417 1205 Nam,
1448 1160 1495 1193 ut
1526 1154 1714 1208 exempla

76 1237 203 1277 pauca
233 1222 412 1274 afferam,
443 1222 516 1261 ubi
544 1229 676 1262 totum
707 1221 931 1263 formarum
959 1218 1131 1273 πρώρης,
1150 1220 1328 1275 μαχαίρῃ
1358 1222 1648 1276 similiumque·
1668 1223 1711 1262 in

76 1292 192 1331 Novo
226 1291 485 1330 Testamento
516 1305 636 1330 usum
669 1305 911 1345 cognoscere
942 1290 1024 1342 vis,
1066 1306 1261 1345 magnum
1302 1291 1378 1331 erit
1415 1304 1462 1330 ac
1500 1304 1596 1332 sane
1627 1305 1713 1330 mo-

31 1360 239 1411 uiestum,
281 1373 420 1399 omnes
450 1373 571 1399 voces
602 1374 706 1413 quae
737 1358 893 1413 primae
925 1359 1209 1399 declinationis
1240 1367 1334 1399 sunt
1365 1359 1408 1399 in
1441 1392 1449 1399 .
1473 1392 1481 1399 .
1504 1390 1513 1401 .
1538 1373 1589 1411 ρα
1620 1373 1712 1399 exe-

28 1418 191 1468 ffiuntes
223 1443 272 1468 ex
304 1427 394 1467 aliis
426 1428 569 1468 lexicis
601 1428 834 1479 enucleare,
864 1427 984 1467 facile
1014 1427 1057 1467 in
1089 1428 1167 1468 hac
1197 1435 1428 1468 nostrarum
1462 1428 1711 1468 concerdan-

51 1495 221 1556 :tiaram
260 1503 375 1549 parte
414 1496 457 1535 in
497 1511 625 1535 unum
657 1496 875 1535 collocatas
905 1495 1158 1549 perlustrari.
1220 1496 1369 1550 Neque
1406 1502 1540 1536 cetera
1577 1496 1711 1536 lexica

46 1563 288 1617 {quisquam
320 1563 551 1616 adhibebit,
584 1579 676 1604 cum
708 1570 944 1618 quaeratur,
984 1578 1088 1618 quae
1119 1564 1161 1604 in
1194 1564 1313 1604 Novo
1347 1565 1608 1605 Testamento
1640 1565 1711 1604 ab-

53 1623 219 1686 }stracta
248 1632 417 1672 nomina
446 1633 490 1672 in
522 1648 666 1672 ...εια
697 1632 887 1673 exeuntia
917 1633 1166 1685 habeantur,
1208 1648 1313 1688 quae
1343 1633 1512 1673 nomina
1542 1633 1709 1688 propria

51 1698 112 1749 }in
144 1732 180 1739 ..
201 1732 209 1739 .
230 1716 274 1744 ας
305 1701 497 1742 exeuntia
531 1701 713 1755 genitivo
753 1701 889 1742 dorico
930 1708 1118 1755 utantur,
1158 1716 1262 1757 quae
1302 1702 1383 1743 sint
1420 1702 1575 1742 formae
1616 1702 1710 1742 sub-

52 1757 339 1810 *stantivorum
370 1777 689 1823 contractorum,
728 1770 917 1825 quotiens
954 1771 1209 1812 accusativus
1248 1771 1391 1811 tertiae
1422 1771 1710 1811 declinationis

35 1837 112 1877 sin
143 1868 151 1876 .
172 1868 179 1876 .
200 1869 208 1877 .
229 1853 254 1877 α
284 1839 422 1879 addito
454 1852 480 1879 ν
511 1839 590 1892 (ex.
622 1854 681 1894 gr.
711 1839 860 1891 μῆναν,
890 1836 1090 1893 ἅσφαλῆν)
1121 1840 1368 1892 inveniatur,
1400 1840 1588 1894 quotiens
1618 1854 1708 1879 ver-

17 1897 213 1999 ἣΞὲωιίῃῐι
246 1907 289 1947 in
321 1938 329 1946 .
350 1938 358 1946 .
379 1939 387 1946 .
408 1905 504 1955 ίζειν
543 1908 781 1949 exeuntium
819 1908 1004 1949 futurum
1035 1908 1220 1960 atticum,
1262 1915 1301 1949 et
1339 1908 1529 1963 quotiens
1569 1908 1708 1947 aoristi

41 1974 223 2038 “formae
254 1976 440 2029 σημᾶναι,
471 1974 690 2029 ποιμάνατε
720 1976 951 2031 similiaque
984 1977 1232 2029 habeantur,
1272 1992 1353 2032 quo
1385 1978 1506 2017 modo
1541 1976 1710 2016 nomina

40 2044 233 2097 *propria
264 2045 482 2086 flectantur
512 2053 586 2086 etc.
647 2046 763 2095 Quae
789 2046 862 2086 ubi
882 2046 1091 2100 proposita
1112 2053 1243 2098 erunt,
1274 2046 1317 2086 in
1339 2046 1416 2086 hac
1436 2045 1571 2099 priore
1592 2052 1708 2099 parte

70 2126 187 2153 voces
218 2129 285 2154 eas
317 2130 418 2168 quas
450 2115 612 2168 quaeris
652 2115 870 2156 collocatas
907 2115 1098 2170 inspicies
1137 2122 1177 2156 et
1213 2114 1489 2169 inspectarum
1522 2114 1706 2169 singulos

33 2138 189 2248 ἓοοοε,
220 2183 292 2222 ubi
322 2183 365 2222 in
397 2183 518 2223 Novo
541 2184 801 2224 Testamento
822 2183 1100 2235 inveniantur,
1133 2198 1182 2224 ex
1206 2183 1509 2224 concordantiis
1530 2183 1706 2237 magnis,

35 2250 167 2324 §quas
198 2252 249 2290 ab
280 2251 452 2292 Erasmo
475 2250 684 2292 Schmidio
716 2251 959 2307 compositas
988 2251 1032 2293 C.
1054 2252 1109 2293 Η.
1129 2252 1289 2293 Bruder
1320 2252 1553 2293 emendavit
1584 2251 1706 2305 (Bru-

68 2317 149 2369 der,
171 2318 216 2358 G.
236 2320 289 2359 H.
326 2323 513 2373 Ταμιεῖον
533 2321 620 2359 τῶν
635 2321 704 2371 τῆς
718 2321 854 2371 καινῆς
874 2318 1071 2372 διαθήκης
1091 2319 1243 2372 λέξεων,
1274 2322 1359 2361 sive
1381 2320 1704 2360 Concordantiae

94 2386 246 2427 mnium
268 2403 417 2429 vocum
441 2388 551 2430 Novi
569 2390 820 2430 Testamenti
840 2390 988 2444 graeci,
1020 2391 1081 2430 ed.
1102 2389 1179 2441 III,
1199 2404 1293 2429 nov.
1315 2389 1497 2442 impress.
1528 2387 1704 2441 Lipsiae,

24 2456 28 2460 ’
85 2452 190 2495 {redt
221 2457 361 2511 1880),
393 2472 623 2512 cognosces.
682 2458 797 2498 Idem
828 2458 913 2498 fere
944 2458 1019 2498 erit
1049 2473 1159 2510 usus,
1191 2472 1284 2497 cum
1316 2458 1365 2497 de
1395 2463 1531 2497 textus
1561 2456 1703 2496 traditi

81 2522 206 2565 ‘ormis
248 2533 486 2579 quaeratur,
532 2527 618 2568 sive
658 2526 788 2582 ipsius
823 2526 1030 2581 scriptoris
1061 2533 1219 2567 textum
1250 2525 1548 2580 autographum
1561 2556 1571 2573 ‚
1617 2524 1703 2565 sive

68 2591 200 2632 varios
226 2594 451 2635 scribarum
472 2596 515 2635 in
531 2596 727 2637 mutando
744 2595 917 2649 pristino
934 2602 1052 2636 textu
1067 2596 1209 2636 modos
1226 2595 1415 2649 requires.
1477 2594 1702 2643 Quaerenti

68 2658 194 2712 enim,
232 2668 279 2701 ut
311 2664 545 2717 exemplum
586 2665 773 2716 afferam,
819 2675 955 2704 utrum
998 2664 1305 2704 terminationes
1336 2693 1373 2701 ..
1394 2694 1402 2701 .
1423 2678 1480 2701 εια
1511 2669 1551 2702 et
1582 2678 1708 2702 ...ια

680 2762 917 2816 ςῦιζὲζ-νςί-ῗέχ
951 2770 958 2776 ,

943 2765 956 2776 f
